<record><leader>00000cas a22000007a 4500</leader><controlfield tag="001">13775454</controlfield><controlfield tag="008">860625d19061908nvuwr ne      0    0eng d</controlfield><datafield ind1=" " ind2=" " tag="010"><subfield code="a">sn 86076258 </subfield></datafield><datafield ind1=" " ind2=" " tag="040"><subfield code="a">NNX</subfield><subfield code="b">eng</subfield><subfield code="c">NNX</subfield><subfield code="d">OCLCQ</subfield><subfield code="d">OCLCF</subfield><subfield code="d">OCLCO</subfield></datafield><datafield ind1=" " ind2=" " tag="042"><subfield code="a">msc</subfield></datafield><datafield ind1=" " ind2=" " tag="043"><subfield code="a">n-us-nv</subfield></datafield><datafield ind1="0" ind2="0" tag="245"><subfield code="a">Caliente lode-express.</subfield></datafield><datafield ind1=" " ind2=" " tag="260"><subfield code="a">Caliente, Nev. :</subfield><subfield code="b">Lincoln County Pub. Co.,</subfield><subfield code="c">1906-1908.</subfield></datafield><datafield ind1=" " ind2=" " tag="300"><subfield code="a">3 v. :</subfield><subfield code="b">ill.</subfield></datafield><datafield ind1=" " ind2=" " tag="310"><subfield code="a">Weekly</subfield></datafield><datafield ind1="0" ind2=" " tag="362"><subfield code="a">Vol. 1, no. 1 (June 20, 1906)-v. 3, no. 19 (Dec. 26, 1908).</subfield></datafield><datafield ind1=" " ind2=" " tag="515"><subfield code="a">Some issues numbered incorrectly.</subfield></datafield><datafield ind1=" " ind2="0" tag="651"><subfield code="a">Caliente (Nev.)</subfield><subfield code="v">Newspapers.</subfield></datafield><datafield ind1=" " ind2="7" tag="655"><subfield code="a">Newspapers.</subfield><subfield code="2">fast</subfield><subfield code="0">(OCoLC)fst01423814</subfield></datafield><datafield ind1=" " ind2="7" tag="651"><subfield code="a">Nevada</subfield><subfield code="z">Caliente.</subfield><subfield code="2">fast</subfield><subfield code="0">(OCoLC)fst01224661</subfield></datafield><datafield ind1=" " ind2=" " tag="752"><subfield code="a">United States</subfield><subfield code="b">Nevada</subfield><subfield code="c">Lincoln</subfield><subfield code="d">Caliente.</subfield></datafield><datafield ind1="0" ind2="4" tag="780"><subfield code="t">Delamar lode</subfield><subfield code="w">(DLC)sn 86076262</subfield><subfield code="w">(OCoLC)13776178</subfield></datafield><datafield ind1="0" ind2="4" tag="780"><subfield code="t">Caliente express</subfield><subfield code="w">(DLC)sn 86076211</subfield><subfield code="w">(OCoLC)13754680</subfield></datafield></record>